%YAML 1.1
%TAG !u! tag:unity3d.com,2011:
--- !u!1 &194198
GameObject:
  m_ObjectHideFlags: 0
  m_PrefabParentObject: {fileID: 0}
  m_PrefabInternal: {fileID: 100100000}
  serializedVersion: 4
  m_Component:
  - 4: {fileID: 416210}
  - 114: {fileID: 11481808}
  - 114: {fileID: 11458896}
  - 114: {fileID: 11490602}
  m_Layer: 9
  m_Name: SectionManager
  m_TagString: procedural
  m_Icon: {fileID: -964228994112308473, guid: 0000000000000000d000000000000000, type: 0}
  m_NavMeshLayer: 0
  m_StaticEditorFlags: 0
  m_IsActive: 1
--- !u!4 &416210
Transform:
  m_ObjectHideFlags: 1
  m_PrefabParentObject: {fileID: 0}
  m_PrefabInternal: {fileID: 100100000}
  m_GameObject: {fileID: 194198}
  m_LocalRotation: {x: 0, y: 0, z: 0, w: 1}
  m_LocalPosition: {x: 0, y: 0, z: 0}
  m_LocalScale: {x: 1, y: 1, z: 1}
  m_Children: []
  m_Father: {fileID: 0}
  m_RootOrder: 0
--- !u!114 &11458896
MonoBehaviour:
  m_ObjectHideFlags: 1
  m_PrefabParentObject: {fileID: 0}
  m_PrefabInternal: {fileID: 100100000}
  m_GameObject: {fileID: 194198}
  m_Enabled: 1
  m_EditorHideFlags: 0
  m_Script: {fileID: 11500000, guid: 32a85eebf5152f6479a510f63811580c, type: 3}
  m_Name: 
  m_EditorClassIdentifier: 
  numberOfActiveSections: 20
  sections: []
  soundManager: {fileID: 0}
--- !u!114 &11481808
MonoBehaviour:
  m_ObjectHideFlags: 1
  m_PrefabParentObject: {fileID: 0}
  m_PrefabInternal: {fileID: 100100000}
  m_GameObject: {fileID: 194198}
  m_Enabled: 0
  m_EditorHideFlags: 0
  m_Script: {fileID: 11500000, guid: c9a1970cedf84f547bb9a973881ed490, type: 3}
  m_Name: 
  m_EditorClassIdentifier: 
  parallaxCamera: {fileID: 0}
  parallaxLayers: []
--- !u!114 &11490602
MonoBehaviour:
  m_ObjectHideFlags: 1
  m_PrefabParentObject: {fileID: 0}
  m_PrefabInternal: {fileID: 100100000}
  m_GameObject: {fileID: 194198}
  m_Enabled: 1
  m_EditorHideFlags: 0
  m_Script: {fileID: 11500000, guid: df0d86d05c76d374b82464c207d91ed6, type: 3}
  m_Name: 
  m_EditorClassIdentifier: 
  corridorToLavaTransition: {fileID: 11460276, guid: cb58a0626556f1d4aa614c8aca52b18c,
    type: 2}
  lavaToCorridorTransition: {fileID: 11415876, guid: d626b7d741f7e9b4faa46ca8526751c4,
    type: 2}
  tutorialSection: {fileID: 11448568, guid: e70624e4943240541b7adcb9f3b0be82, type: 2}
  minimumSectionCount: 4
  maximumSectionCount: 10
  currentArea: 0
  currentCount: 0
  sectionManager: {fileID: 11458896}
  isBackgroundShow: 1
--- !u!1001 &100100000
Prefab:
  m_ObjectHideFlags: 1
  serializedVersion: 2
  m_Modification:
    m_TransformParent: {fileID: 0}
    m_Modifications: []
    m_RemovedComponents: []
  m_ParentPrefab: {fileID: 0}
  m_RootGameObject: {fileID: 194198}
  m_IsPrefabParent: 1
