%YAML 1.1
%TAG !u! tag:unity3d.com,2011:
--- !u!29 &1
SceneSettings:
  m_ObjectHideFlags: 0
  m_PVSData: 
  m_PVSObjectsArray: []
  m_PVSPortalsArray: []
  m_OcclusionBakeSettings:
    smallestOccluder: 5
    smallestHole: .25
    backfaceThreshold: 100
--- !u!104 &2
RenderSettings:
  m_ObjectHideFlags: 0
  serializedVersion: 6
  m_Fog: 0
  m_FogColor: {r: .5, g: .5, b: .5, a: 1}
  m_FogMode: 3
  m_FogDensity: .00999999978
  m_LinearFogStart: 0
  m_LinearFogEnd: 300
  m_AmbientSkyColor: {r: .211999997, g: .226999998, b: .259000003, a: 1}
  m_AmbientEquatorColor: {r: .114, g: .125, b: .133000001, a: 1}
  m_AmbientGroundColor: {r: .0469999984, g: .0430000015, b: .0350000001, a: 1}
  m_AmbientIntensity: 1
  m_AmbientMode: 3
  m_SkyboxMaterial: {fileID: 0}
  m_HaloStrength: .5
  m_FlareStrength: 1
  m_FlareFadeSpeed: 3
  m_HaloTexture: {fileID: 0}
  m_SpotCookie: {fileID: 10001, guid: 0000000000000000e000000000000000, type: 0}
  m_DefaultReflectionMode: 0
  m_DefaultReflectionResolution: 128
  m_ReflectionBounces: 1
  m_ReflectionIntensity: 1
  m_CustomReflection: {fileID: 0}
  m_Sun: {fileID: 0}
--- !u!157 &4
LightmapSettings:
  m_ObjectHideFlags: 0
  serializedVersion: 5
  m_GIWorkflowMode: 1
  m_LightmapsMode: 1
  m_GISettings:
    serializedVersion: 2
    m_BounceScale: 1
    m_IndirectOutputScale: 1
    m_AlbedoBoost: 1
    m_TemporalCoherenceThreshold: 1
    m_EnvironmentLightingMode: 0
    m_EnableBakedLightmaps: 0
    m_EnableRealtimeLightmaps: 0
  m_LightmapEditorSettings:
    serializedVersion: 3
    m_Resolution: 2
    m_BakeResolution: 40
    m_TextureWidth: 1024
    m_TextureHeight: 1024
    m_AOMaxDistance: 1
    m_Padding: 2
    m_CompAOExponent: 0
    m_LightmapParameters: {fileID: 0}
    m_TextureCompression: 1
    m_FinalGather: 0
    m_FinalGatherRayCount: 1024
    m_ReflectionCompression: 2
  m_LightmapSnapshot: {fileID: 0}
  m_RuntimeCPUUsage: 25
--- !u!196 &5
NavMeshSettings:
  serializedVersion: 2
  m_ObjectHideFlags: 0
  m_BuildSettings:
    serializedVersion: 2
    agentRadius: .5
    agentHeight: 2
    agentSlope: 45
    agentClimb: .400000006
    ledgeDropHeight: 0
    maxJumpAcrossDistance: 0
    accuratePlacement: 0
    minRegionArea: 2
    cellSize: .166666672
    manualCellSize: 0
  m_NavMeshData: {fileID: 0}
--- !u!1 &188248765
GameObject:
  m_ObjectHideFlags: 0
  m_PrefabParentObject: {fileID: 0}
  m_PrefabInternal: {fileID: 0}
  serializedVersion: 4
  m_Component:
  - 4: {fileID: 188248767}
  - 20: {fileID: 188248766}
  m_Layer: 0
  m_Name: Plugin Camera
  m_TagString: Untagged
  m_Icon: {fileID: 0}
  m_NavMeshLayer: 0
  m_StaticEditorFlags: 0
  m_IsActive: 1
--- !u!20 &188248766
Camera:
  m_ObjectHideFlags: 0
  m_PrefabParentObject: {fileID: 0}
  m_PrefabInternal: {fileID: 0}
  m_GameObject: {fileID: 188248765}
  m_Enabled: 0
  serializedVersion: 2
  m_ClearFlags: 1
  m_BackGroundColor: {r: 0, g: 1, b: 0, a: 1}
  m_NormalizedViewPortRect:
    serializedVersion: 2
    x: 0
    y: 0
    width: 1
    height: 1
  near clip plane: .300000012
  far clip plane: 1000
  field of view: 60
  orthographic: 1
  orthographic size: 6
  m_Depth: 0
  m_CullingMask:
    serializedVersion: 2
    m_Bits: 4294967295
  m_RenderingPath: -1
  m_TargetTexture: {fileID: 1826580143}
  m_TargetDisplay: 0
  m_TargetEye: 3
  m_HDR: 0
  m_OcclusionCulling: 1
  m_StereoConvergence: 10
  m_StereoSeparation: .0219999999
  m_StereoMirrorMode: 0
--- !u!4 &188248767
Transform:
  m_ObjectHideFlags: 0
  m_PrefabParentObject: {fileID: 0}
  m_PrefabInternal: {fileID: 0}
  m_GameObject: {fileID: 188248765}
  m_LocalRotation: {x: 0, y: 0, z: 0, w: 1}
  m_LocalPosition: {x: 0, y: 0, z: -50}
  m_LocalScale: {x: 1, y: 1, z: 1}
  m_Children: []
  m_Father: {fileID: 0}
  m_RootOrder: 9
--- !u!114 &286033237 stripped
MonoBehaviour:
  m_PrefabParentObject: {fileID: 11461338, guid: 9e7c603b18db5eb4fb9dc36c44a8f5a0,
    type: 2}
  m_PrefabInternal: {fileID: 1241286240}
  m_Script: {fileID: 11500000, guid: fb0ef1d4315de5c4fa43a49d84cfc65b, type: 3}
--- !u!114 &286033238 stripped
MonoBehaviour:
  m_PrefabParentObject: {fileID: 11484034, guid: 9e7c603b18db5eb4fb9dc36c44a8f5a0,
    type: 2}
  m_PrefabInternal: {fileID: 1241286240}
  m_Script: {fileID: 11500000, guid: 2ba08f9451682af48be3dcf36f31bbee, type: 3}
--- !u!114 &335747956 stripped
MonoBehaviour:
  m_PrefabParentObject: {fileID: 11430490, guid: f717ab535501b1b47972a2eca108103f,
    type: 2}
  m_PrefabInternal: {fileID: 2147384673}
  m_Script: {fileID: 11500000, guid: b2ca7a3286d4a9c40b1f68de1f79a648, type: 3}
--- !u!1001 &461971791
Prefab:
  m_ObjectHideFlags: 0
  serializedVersion: 2
  m_Modification:
    m_TransformParent: {fileID: 0}
    m_Modifications:
    - target: {fileID: 488570, guid: 5709e54f426011440b594607be3daa56, type: 2}
      propertyPath: m_LocalPosition.x
      value: 0
      objectReference: {fileID: 0}
    - target: {fileID: 488570, guid: 5709e54f426011440b594607be3daa56, type: 2}
      propertyPath: m_LocalPosition.y
      value: 0
      objectReference: {fileID: 0}
    - target: {fileID: 488570, guid: 5709e54f426011440b594607be3daa56, type: 2}
      propertyPath: m_LocalPosition.z
      value: 0
      objectReference: {fileID: 0}
    - target: {fileID: 488570, guid: 5709e54f426011440b594607be3daa56, type: 2}
      propertyPath: m_LocalRotation.x
      value: 0
      objectReference: {fileID: 0}
    - target: {fileID: 488570, guid: 5709e54f426011440b594607be3daa56, type: 2}
      propertyPath: m_LocalRotation.y
      value: 0
      objectReference: {fileID: 0}
    - target: {fileID: 488570, guid: 5709e54f426011440b594607be3daa56, type: 2}
      propertyPath: m_LocalRotation.z
      value: 0
      objectReference: {fileID: 0}
    - target: {fileID: 488570, guid: 5709e54f426011440b594607be3daa56, type: 2}
      propertyPath: m_LocalRotation.w
      value: 1
      objectReference: {fileID: 0}
    - target: {fileID: 488570, guid: 5709e54f426011440b594607be3daa56, type: 2}
      propertyPath: m_RootOrder
      value: 8
      objectReference: {fileID: 0}
    m_RemovedComponents: []
  m_ParentPrefab: {fileID: 100100000, guid: 5709e54f426011440b594607be3daa56, type: 2}
  m_IsPrefabParent: 0
--- !u!114 &570388719 stripped
MonoBehaviour:
  m_PrefabParentObject: {fileID: 11490602, guid: 6667a390a3f95a546bb539cf6cf8aa24,
    type: 2}
  m_PrefabInternal: {fileID: 874690954}
  m_Script: {fileID: 11500000, guid: df0d86d05c76d374b82464c207d91ed6, type: 3}
--- !u!114 &570388720 stripped
MonoBehaviour:
  m_PrefabParentObject: {fileID: 11458896, guid: 6667a390a3f95a546bb539cf6cf8aa24,
    type: 2}
  m_PrefabInternal: {fileID: 874690954}
  m_Script: {fileID: 11500000, guid: 32a85eebf5152f6479a510f63811580c, type: 3}
--- !u!114 &688921784 stripped
MonoBehaviour:
  m_PrefabParentObject: {fileID: 11429674, guid: 5709e54f426011440b594607be3daa56,
    type: 2}
  m_PrefabInternal: {fileID: 461971791}
  m_Script: {fileID: 11500000, guid: 6212ecdf09d600446a68428acf6b5a17, type: 3}
--- !u!1001 &874690954
Prefab:
  m_ObjectHideFlags: 0
  serializedVersion: 2
  m_Modification:
    m_TransformParent: {fileID: 0}
    m_Modifications:
    - target: {fileID: 416210, guid: 6667a390a3f95a546bb539cf6cf8aa24, type: 2}
      propertyPath: m_LocalPosition.x
      value: 0
      objectReference: {fileID: 0}
    - target: {fileID: 416210, guid: 6667a390a3f95a546bb539cf6cf8aa24, type: 2}
      propertyPath: m_LocalPosition.y
      value: 0
      objectReference: {fileID: 0}
    - target: {fileID: 416210, guid: 6667a390a3f95a546bb539cf6cf8aa24, type: 2}
      propertyPath: m_LocalPosition.z
      value: 0
      objectReference: {fileID: 0}
    - target: {fileID: 416210, guid: 6667a390a3f95a546bb539cf6cf8aa24, type: 2}
      propertyPath: m_LocalRotation.x
      value: 0
      objectReference: {fileID: 0}
    - target: {fileID: 416210, guid: 6667a390a3f95a546bb539cf6cf8aa24, type: 2}
      propertyPath: m_LocalRotation.y
      value: 0
      objectReference: {fileID: 0}
    - target: {fileID: 416210, guid: 6667a390a3f95a546bb539cf6cf8aa24, type: 2}
      propertyPath: m_LocalRotation.z
      value: 0
      objectReference: {fileID: 0}
    - target: {fileID: 416210, guid: 6667a390a3f95a546bb539cf6cf8aa24, type: 2}
      propertyPath: m_LocalRotation.w
      value: 1
      objectReference: {fileID: 0}
    - target: {fileID: 416210, guid: 6667a390a3f95a546bb539cf6cf8aa24, type: 2}
      propertyPath: m_RootOrder
      value: 4
      objectReference: {fileID: 0}
    - target: {fileID: 11458896, guid: 6667a390a3f95a546bb539cf6cf8aa24, type: 2}
      propertyPath: soundManager
      value: 
      objectReference: {fileID: 688921784}
    m_RemovedComponents: []
  m_ParentPrefab: {fileID: 100100000, guid: 6667a390a3f95a546bb539cf6cf8aa24, type: 2}
  m_IsPrefabParent: 0
--- !u!114 &879261680 stripped
MonoBehaviour:
  m_PrefabParentObject: {fileID: 11466736, guid: 64c75fc02eaf4e445a83e44a596764bd,
    type: 2}
  m_PrefabInternal: {fileID: 1530434553}
  m_Script: {fileID: 11500000, guid: c0eaeff83c3f57947af9a8bbf0f6bfd7, type: 3}
--- !u!20 &1125187690 stripped
Camera:
  m_PrefabParentObject: {fileID: 2032206, guid: 9e7c603b18db5eb4fb9dc36c44a8f5a0,
    type: 2}
  m_PrefabInternal: {fileID: 1241286240}
--- !u!1001 &1241286240
Prefab:
  m_ObjectHideFlags: 0
  serializedVersion: 2
  m_Modification:
    m_TransformParent: {fileID: 0}
    m_Modifications:
    - target: {fileID: 11481006, guid: 9e7c603b18db5eb4fb9dc36c44a8f5a0, type: 2}
      propertyPath: spriteNumbers.Array.size
      value: 10
      objectReference: {fileID: 0}
    - target: {fileID: 414744, guid: 9e7c603b18db5eb4fb9dc36c44a8f5a0, type: 2}
      propertyPath: m_LocalPosition.x
      value: 0
      objectReference: {fileID: 0}
    - target: {fileID: 414744, guid: 9e7c603b18db5eb4fb9dc36c44a8f5a0, type: 2}
      propertyPath: m_LocalPosition.y
      value: 0
      objectReference: {fileID: 0}
    - target: {fileID: 414744, guid: 9e7c603b18db5eb4fb9dc36c44a8f5a0, type: 2}
      propertyPath: m_LocalPosition.z
      value: 0
      objectReference: {fileID: 0}
    - target: {fileID: 414744, guid: 9e7c603b18db5eb4fb9dc36c44a8f5a0, type: 2}
      propertyPath: m_LocalRotation.x
      value: 0
      objectReference: {fileID: 0}
    - target: {fileID: 414744, guid: 9e7c603b18db5eb4fb9dc36c44a8f5a0, type: 2}
      propertyPath: m_LocalRotation.y
      value: 0
      objectReference: {fileID: 0}
    - target: {fileID: 414744, guid: 9e7c603b18db5eb4fb9dc36c44a8f5a0, type: 2}
      propertyPath: m_LocalRotation.z
      value: 0
      objectReference: {fileID: 0}
    - target: {fileID: 414744, guid: 9e7c603b18db5eb4fb9dc36c44a8f5a0, type: 2}
      propertyPath: m_LocalRotation.w
      value: 1
      objectReference: {fileID: 0}
    - target: {fileID: 414744, guid: 9e7c603b18db5eb4fb9dc36c44a8f5a0, type: 2}
      propertyPath: m_RootOrder
      value: 3
      objectReference: {fileID: 0}
    - target: {fileID: 11481006, guid: 9e7c603b18db5eb4fb9dc36c44a8f5a0, type: 2}
      propertyPath: parentObject
      value: 
      objectReference: {fileID: 1661631550}
    - target: {fileID: 11457532, guid: 9e7c603b18db5eb4fb9dc36c44a8f5a0, type: 2}
      propertyPath: player
      value: 
      objectReference: {fileID: 2147384675}
    - target: {fileID: 11484034, guid: 9e7c603b18db5eb4fb9dc36c44a8f5a0, type: 2}
      propertyPath: distance
      value: 
      objectReference: {fileID: 2147384680}
    - target: {fileID: 11484034, guid: 9e7c603b18db5eb4fb9dc36c44a8f5a0, type: 2}
      propertyPath: coinCollector
      value: 
      objectReference: {fileID: 335747956}
    - target: {fileID: 11484034, guid: 9e7c603b18db5eb4fb9dc36c44a8f5a0, type: 2}
      propertyPath: hudText
      value: 
      objectReference: {fileID: 0}
    - target: {fileID: 11481006, guid: 9e7c603b18db5eb4fb9dc36c44a8f5a0, type: 2}
      propertyPath: spriteNumbers.Array.data[0]
      value: 
      objectReference: {fileID: 21300000, guid: b831eaf7194ac974894b42f115dba6bd,
        type: 3}
    - target: {fileID: 11481006, guid: 9e7c603b18db5eb4fb9dc36c44a8f5a0, type: 2}
      propertyPath: spriteNumbers.Array.data[1]
      value: 
      objectReference: {fileID: 21300000, guid: 08df8b60a5c40dd46b0d19abc0a8cf38,
        type: 3}
    - target: {fileID: 11481006, guid: 9e7c603b18db5eb4fb9dc36c44a8f5a0, type: 2}
      propertyPath: spriteNumbers.Array.data[2]
      value: 
      objectReference: {fileID: 21300000, guid: 49eb3825a72f4b346ae0472ae99845be,
        type: 3}
    - target: {fileID: 11481006, guid: 9e7c603b18db5eb4fb9dc36c44a8f5a0, type: 2}
      propertyPath: spriteNumbers.Array.data[4]
      value: 
      objectReference: {fileID: 21300000, guid: bf7d51c3c047ee643b26a3caa5e11646,
        type: 3}
    - target: {fileID: 11481006, guid: 9e7c603b18db5eb4fb9dc36c44a8f5a0, type: 2}
      propertyPath: spriteNumbers.Array.data[3]
      value: 
      objectReference: {fileID: 21300000, guid: 314545837c2e0164d83499af6637c872,
        type: 3}
    - target: {fileID: 11481006, guid: 9e7c603b18db5eb4fb9dc36c44a8f5a0, type: 2}
      propertyPath: spriteNumbers.Array.data[5]
      value: 
      objectReference: {fileID: 21300000, guid: bc1eb58ed756683459213ab1197b53f6,
        type: 3}
    - target: {fileID: 11481006, guid: 9e7c603b18db5eb4fb9dc36c44a8f5a0, type: 2}
      propertyPath: spriteNumbers.Array.data[6]
      value: 
      objectReference: {fileID: 21300000, guid: 1f346879a8e2aca40a07cb8fc342c119,
        type: 3}
    - target: {fileID: 11481006, guid: 9e7c603b18db5eb4fb9dc36c44a8f5a0, type: 2}
      propertyPath: spriteNumbers.Array.data[7]
      value: 
      objectReference: {fileID: 21300000, guid: 9942bb612a967e14f8afb46a459cb23e,
        type: 3}
    - target: {fileID: 11481006, guid: 9e7c603b18db5eb4fb9dc36c44a8f5a0, type: 2}
      propertyPath: spriteNumbers.Array.data[8]
      value: 
      objectReference: {fileID: 21300000, guid: ab63fabf74320f84485e3c10804ff1bb,
        type: 3}
    - target: {fileID: 11481006, guid: 9e7c603b18db5eb4fb9dc36c44a8f5a0, type: 2}
      propertyPath: spriteNumbers.Array.data[9]
      value: 
      objectReference: {fileID: 21300000, guid: 484507f052bc52344bfeb60d1147fcee,
        type: 3}
    - target: {fileID: 11481006, guid: 9e7c603b18db5eb4fb9dc36c44a8f5a0, type: 2}
      propertyPath: prefab
      value: 
      objectReference: {fileID: 123264, guid: 2c772301987acc143b5ed4f2ddd896c1, type: 2}
    - target: {fileID: 11481006, guid: 9e7c603b18db5eb4fb9dc36c44a8f5a0, type: 2}
      propertyPath: scoreHud
      value: 
      objectReference: {fileID: 1947754032}
    m_RemovedComponents: []
  m_ParentPrefab: {fileID: 100100000, guid: 9e7c603b18db5eb4fb9dc36c44a8f5a0, type: 2}
  m_IsPrefabParent: 0
--- !u!114 &1401593522 stripped
MonoBehaviour:
  m_PrefabParentObject: {fileID: 11477152, guid: 7384d5b3b28674b45a685ad830d1313d,
    type: 2}
  m_PrefabInternal: {fileID: 1852296395}
  m_Script: {fileID: 11500000, guid: 093b2c8f8e49c414985a0c58ea9d5a77, type: 3}
--- !u!1001 &1530434553
Prefab:
  m_ObjectHideFlags: 0
  serializedVersion: 2
  m_Modification:
    m_TransformParent: {fileID: 0}
    m_Modifications:
    - target: {fileID: 429930, guid: 64c75fc02eaf4e445a83e44a596764bd, type: 2}
      propertyPath: m_LocalPosition.x
      value: 0
      objectReference: {fileID: 0}
    - target: {fileID: 429930, guid: 64c75fc02eaf4e445a83e44a596764bd, type: 2}
      propertyPath: m_LocalPosition.y
      value: 0
      objectReference: {fileID: 0}
    - target: {fileID: 429930, guid: 64c75fc02eaf4e445a83e44a596764bd, type: 2}
      propertyPath: m_LocalPosition.z
      value: 0
      objectReference: {fileID: 0}
    - target: {fileID: 429930, guid: 64c75fc02eaf4e445a83e44a596764bd, type: 2}
      propertyPath: m_LocalRotation.x
      value: 0
      objectReference: {fileID: 0}
    - target: {fileID: 429930, guid: 64c75fc02eaf4e445a83e44a596764bd, type: 2}
      propertyPath: m_LocalRotation.y
      value: 0
      objectReference: {fileID: 0}
    - target: {fileID: 429930, guid: 64c75fc02eaf4e445a83e44a596764bd, type: 2}
      propertyPath: m_LocalRotation.z
      value: 0
      objectReference: {fileID: 0}
    - target: {fileID: 429930, guid: 64c75fc02eaf4e445a83e44a596764bd, type: 2}
      propertyPath: m_LocalRotation.w
      value: 1
      objectReference: {fileID: 0}
    - target: {fileID: 429930, guid: 64c75fc02eaf4e445a83e44a596764bd, type: 2}
      propertyPath: m_RootOrder
      value: 2
      objectReference: {fileID: 0}
    - target: {fileID: 11445292, guid: 64c75fc02eaf4e445a83e44a596764bd, type: 2}
      propertyPath: soundManager
      value: 
      objectReference: {fileID: 688921784}
    - target: {fileID: 11440166, guid: 64c75fc02eaf4e445a83e44a596764bd, type: 2}
      propertyPath: dragon
      value: 
      objectReference: {fileID: 2090322685}
    - target: {fileID: 11440166, guid: 64c75fc02eaf4e445a83e44a596764bd, type: 2}
      propertyPath: player
      value: 
      objectReference: {fileID: 2147384675}
    - target: {fileID: 11440166, guid: 64c75fc02eaf4e445a83e44a596764bd, type: 2}
      propertyPath: gameCamera
      value: 
      objectReference: {fileID: 1125187690}
    - target: {fileID: 11437358, guid: 64c75fc02eaf4e445a83e44a596764bd, type: 2}
      propertyPath: soundManager
      value: 
      objectReference: {fileID: 688921784}
    - target: {fileID: 11487120, guid: 64c75fc02eaf4e445a83e44a596764bd, type: 2}
      propertyPath: soundManager
      value: 
      objectReference: {fileID: 688921784}
    - target: {fileID: 11485692, guid: 64c75fc02eaf4e445a83e44a596764bd, type: 2}
      propertyPath: soundManager
      value: 
      objectReference: {fileID: 688921784}
    - target: {fileID: 11442290, guid: 64c75fc02eaf4e445a83e44a596764bd, type: 2}
      propertyPath: soundManager
      value: 
      objectReference: {fileID: 688921784}
    - target: {fileID: 11406562, guid: 64c75fc02eaf4e445a83e44a596764bd, type: 2}
      propertyPath: soundManager
      value: 
      objectReference: {fileID: 688921784}
    - target: {fileID: 11425568, guid: 64c75fc02eaf4e445a83e44a596764bd, type: 2}
      propertyPath: soundManager
      value: 
      objectReference: {fileID: 688921784}
    - target: {fileID: 11458370, guid: 64c75fc02eaf4e445a83e44a596764bd, type: 2}
      propertyPath: gameInput
      value: 
      objectReference: {fileID: 2147384674}
    - target: {fileID: 11458370, guid: 64c75fc02eaf4e445a83e44a596764bd, type: 2}
      propertyPath: sectionAssembler
      value: 
      objectReference: {fileID: 570388719}
    - target: {fileID: 11419814, guid: 64c75fc02eaf4e445a83e44a596764bd, type: 2}
      propertyPath: soundManager
      value: 
      objectReference: {fileID: 688921784}
    - target: {fileID: 11467490, guid: 64c75fc02eaf4e445a83e44a596764bd, type: 2}
      propertyPath: soundManager
      value: 
      objectReference: {fileID: 688921784}
    - target: {fileID: 11457570, guid: 64c75fc02eaf4e445a83e44a596764bd, type: 2}
      propertyPath: scoreManager
      value: 
      objectReference: {fileID: 286033238}
    - target: {fileID: 11475016, guid: 64c75fc02eaf4e445a83e44a596764bd, type: 2}
      propertyPath: soundManager
      value: 
      objectReference: {fileID: 688921784}
    - target: {fileID: 11430102, guid: 64c75fc02eaf4e445a83e44a596764bd, type: 2}
      propertyPath: soundManager
      value: 
      objectReference: {fileID: 688921784}
    - target: {fileID: 11413072, guid: 64c75fc02eaf4e445a83e44a596764bd, type: 2}
      propertyPath: soundManager
      value: 
      objectReference: {fileID: 688921784}
    - target: {fileID: 11466736, guid: 64c75fc02eaf4e445a83e44a596764bd, type: 2}
      propertyPath: player
      value: 
      objectReference: {fileID: 2147384684}
    - target: {fileID: 11466736, guid: 64c75fc02eaf4e445a83e44a596764bd, type: 2}
      propertyPath: dragon
      value: 
      objectReference: {fileID: 1401593522}
    - target: {fileID: 11466736, guid: 64c75fc02eaf4e445a83e44a596764bd, type: 2}
      propertyPath: sectionAssembler
      value: 
      objectReference: {fileID: 570388719}
    - target: {fileID: 11466736, guid: 64c75fc02eaf4e445a83e44a596764bd, type: 2}
      propertyPath: sectionManager
      value: 
      objectReference: {fileID: 570388720}
    - target: {fileID: 11466736, guid: 64c75fc02eaf4e445a83e44a596764bd, type: 2}
      propertyPath: gameCamera
      value: 
      objectReference: {fileID: 1125187690}
    m_RemovedComponents: []
  m_ParentPrefab: {fileID: 100100000, guid: 64c75fc02eaf4e445a83e44a596764bd, type: 2}
  m_IsPrefabParent: 0
--- !u!1 &1661631550 stripped
GameObject:
  m_PrefabParentObject: {fileID: 114452, guid: 64c75fc02eaf4e445a83e44a596764bd, type: 2}
  m_PrefabInternal: {fileID: 1530434553}
--- !u!1001 &1693655115
Prefab:
  m_ObjectHideFlags: 0
  serializedVersion: 2
  m_Modification:
    m_TransformParent: {fileID: 0}
    m_Modifications:
    - target: {fileID: 408214, guid: 44a94e1fa3db16a429a26d5492d41685, type: 2}
      propertyPath: m_LocalPosition.x
      value: 0
      objectReference: {fileID: 0}
    - target: {fileID: 408214, guid: 44a94e1fa3db16a429a26d5492d41685, type: 2}
      propertyPath: m_LocalPosition.y
      value: 0
      objectReference: {fileID: 0}
    - target: {fileID: 408214, guid: 44a94e1fa3db16a429a26d5492d41685, type: 2}
      propertyPath: m_LocalPosition.z
      value: 0
      objectReference: {fileID: 0}
    - target: {fileID: 408214, guid: 44a94e1fa3db16a429a26d5492d41685, type: 2}
      propertyPath: m_LocalRotation.x
      value: 0
      objectReference: {fileID: 0}
    - target: {fileID: 408214, guid: 44a94e1fa3db16a429a26d5492d41685, type: 2}
      propertyPath: m_LocalRotation.y
      value: 0
      objectReference: {fileID: 0}
    - target: {fileID: 408214, guid: 44a94e1fa3db16a429a26d5492d41685, type: 2}
      propertyPath: m_LocalRotation.z
      value: 0
      objectReference: {fileID: 0}
    - target: {fileID: 408214, guid: 44a94e1fa3db16a429a26d5492d41685, type: 2}
      propertyPath: m_LocalRotation.w
      value: 1
      objectReference: {fileID: 0}
    - target: {fileID: 408214, guid: 44a94e1fa3db16a429a26d5492d41685, type: 2}
      propertyPath: m_RootOrder
      value: 7
      objectReference: {fileID: 0}
    m_RemovedComponents: []
  m_ParentPrefab: {fileID: 100100000, guid: 44a94e1fa3db16a429a26d5492d41685, type: 2}
  m_IsPrefabParent: 0
--- !u!1001 &1749623513
Prefab:
  m_ObjectHideFlags: 0
  serializedVersion: 2
  m_Modification:
    m_TransformParent: {fileID: 0}
    m_Modifications:
    - target: {fileID: 432542, guid: 4619fbaa516c6454fba7c8dfa28a4ba1, type: 2}
      propertyPath: m_LocalPosition.x
      value: -97.6089401
      objectReference: {fileID: 0}
    - target: {fileID: 432542, guid: 4619fbaa516c6454fba7c8dfa28a4ba1, type: 2}
      propertyPath: m_LocalPosition.y
      value: -63.25
      objectReference: {fileID: 0}
    - target: {fileID: 432542, guid: 4619fbaa516c6454fba7c8dfa28a4ba1, type: 2}
      propertyPath: m_LocalPosition.z
      value: 0
      objectReference: {fileID: 0}
    - target: {fileID: 432542, guid: 4619fbaa516c6454fba7c8dfa28a4ba1, type: 2}
      propertyPath: m_LocalRotation.x
      value: 0
      objectReference: {fileID: 0}
    - target: {fileID: 432542, guid: 4619fbaa516c6454fba7c8dfa28a4ba1, type: 2}
      propertyPath: m_LocalRotation.y
      value: 0
      objectReference: {fileID: 0}
    - target: {fileID: 432542, guid: 4619fbaa516c6454fba7c8dfa28a4ba1, type: 2}
      propertyPath: m_LocalRotation.z
      value: 0
      objectReference: {fileID: 0}
    - target: {fileID: 432542, guid: 4619fbaa516c6454fba7c8dfa28a4ba1, type: 2}
      propertyPath: m_LocalRotation.w
      value: 1
      objectReference: {fileID: 0}
    - target: {fileID: 432542, guid: 4619fbaa516c6454fba7c8dfa28a4ba1, type: 2}
      propertyPath: m_RootOrder
      value: 6
      objectReference: {fileID: 0}
    m_RemovedComponents: []
  m_ParentPrefab: {fileID: 100100000, guid: 4619fbaa516c6454fba7c8dfa28a4ba1, type: 2}
  m_IsPrefabParent: 0
--- !u!84 &1826580143
RenderTexture:
  m_ObjectHideFlags: 0
  m_PrefabParentObject: {fileID: 0}
  m_PrefabInternal: {fileID: 0}
  m_Name: 
  m_ImageContentsHash:
    serializedVersion: 2
    Hash: 00000000000000000000000000000000
  m_Width: 1904
  m_Height: 1036
  m_AntiAliasing: 1
  m_DepthFormat: 2
  m_ColorFormat: 0
  m_MipMap: 0
  m_GenerateMips: 1
  m_SRGB: 0
  m_TextureSettings:
    m_FilterMode: 1
    m_Aniso: 0
    m_MipBias: 0
    m_WrapMode: 1
--- !u!1001 &1852296395
Prefab:
  m_ObjectHideFlags: 0
  serializedVersion: 2
  m_Modification:
    m_TransformParent: {fileID: 0}
    m_Modifications:
    - target: {fileID: 455970, guid: 7384d5b3b28674b45a685ad830d1313d, type: 2}
      propertyPath: m_LocalPosition.x
      value: 18.5900002
      objectReference: {fileID: 0}
    - target: {fileID: 455970, guid: 7384d5b3b28674b45a685ad830d1313d, type: 2}
      propertyPath: m_LocalPosition.y
      value: 5.46999979
      objectReference: {fileID: 0}
    - target: {fileID: 455970, guid: 7384d5b3b28674b45a685ad830d1313d, type: 2}
      propertyPath: m_LocalPosition.z
      value: 0
      objectReference: {fileID: 0}
    - target: {fileID: 455970, guid: 7384d5b3b28674b45a685ad830d1313d, type: 2}
      propertyPath: m_LocalRotation.x
      value: 0
      objectReference: {fileID: 0}
    - target: {fileID: 455970, guid: 7384d5b3b28674b45a685ad830d1313d, type: 2}
      propertyPath: m_LocalRotation.y
      value: 0
      objectReference: {fileID: 0}
    - target: {fileID: 455970, guid: 7384d5b3b28674b45a685ad830d1313d, type: 2}
      propertyPath: m_LocalRotation.z
      value: 0
      objectReference: {fileID: 0}
    - target: {fileID: 455970, guid: 7384d5b3b28674b45a685ad830d1313d, type: 2}
      propertyPath: m_LocalRotation.w
      value: 1
      objectReference: {fileID: 0}
    - target: {fileID: 455970, guid: 7384d5b3b28674b45a685ad830d1313d, type: 2}
      propertyPath: m_RootOrder
      value: 0
      objectReference: {fileID: 0}
    - target: {fileID: 11477152, guid: 7384d5b3b28674b45a685ad830d1313d, type: 2}
      propertyPath: player
      value: 
      objectReference: {fileID: 2147384684}
    m_RemovedComponents: []
  m_ParentPrefab: {fileID: 100100000, guid: 7384d5b3b28674b45a685ad830d1313d, type: 2}
  m_IsPrefabParent: 0
--- !u!1 &1928509759
GameObject:
  m_ObjectHideFlags: 0
  m_PrefabParentObject: {fileID: 0}
  m_PrefabInternal: {fileID: 0}
  serializedVersion: 4
  m_Component:
  - 4: {fileID: 1928509761}
  - 114: {fileID: 1928509760}
  - 131: {fileID: 1928509762}
  m_Layer: 0
  m_Name: SQLManager
  m_TagString: Untagged
  m_Icon: {fileID: 0}
  m_NavMeshLayer: 0
  m_StaticEditorFlags: 0
  m_IsActive: 1
--- !u!114 &1928509760
MonoBehaviour:
  m_ObjectHideFlags: 0
  m_PrefabParentObject: {fileID: 0}
  m_PrefabInternal: {fileID: 0}
  m_GameObject: {fileID: 1928509759}
  m_Enabled: 1
  m_EditorHideFlags: 0
  m_Script: {fileID: 11500000, guid: 8357aff039233004b943808aba2b135d, type: 3}
  m_Name: 
  m_EditorClassIdentifier: 
  thisTexture: {fileID: 1928509762}
--- !u!4 &1928509761
Transform:
  m_ObjectHideFlags: 0
  m_PrefabParentObject: {fileID: 0}
  m_PrefabInternal: {fileID: 0}
  m_GameObject: {fileID: 1928509759}
  m_LocalRotation: {x: 0, y: 0, z: 0, w: 1}
  m_LocalPosition: {x: 48.6438675, y: .0807361603, z: -50}
  m_LocalScale: {x: 1, y: 1, z: 1}
  m_Children: []
  m_Father: {fileID: 0}
  m_RootOrder: 8
--- !u!131 &1928509762
GUITexture:
  m_ObjectHideFlags: 0
  m_PrefabParentObject: {fileID: 0}
  m_PrefabInternal: {fileID: 0}
  m_GameObject: {fileID: 1928509759}
  m_Enabled: 1
  m_Texture: {fileID: 0}
  m_Color: {r: .5, g: .5, b: .5, a: .5}
  m_PixelInset:
    serializedVersion: 2
    x: 0
    y: 0
    width: 2
    height: 2
  m_LeftBorder: 0
  m_RightBorder: 0
  m_TopBorder: 0
  m_BottomBorder: 0
--- !u!1 &1947754032 stripped
GameObject:
  m_PrefabParentObject: {fileID: 180984, guid: 64c75fc02eaf4e445a83e44a596764bd, type: 2}
  m_PrefabInternal: {fileID: 1530434553}
--- !u!1 &2090322685 stripped
GameObject:
  m_PrefabParentObject: {fileID: 113174, guid: 7384d5b3b28674b45a685ad830d1313d, type: 2}
  m_PrefabInternal: {fileID: 1852296395}
--- !u!1001 &2147384673
Prefab:
  m_ObjectHideFlags: 0
  serializedVersion: 2
  m_Modification:
    m_TransformParent: {fileID: 0}
    m_Modifications:
    - target: {fileID: 441778, guid: f717ab535501b1b47972a2eca108103f, type: 2}
      propertyPath: m_LocalPosition.x
      value: 25
      objectReference: {fileID: 0}
    - target: {fileID: 441778, guid: f717ab535501b1b47972a2eca108103f, type: 2}
      propertyPath: m_LocalPosition.y
      value: 0
      objectReference: {fileID: 0}
    - target: {fileID: 441778, guid: f717ab535501b1b47972a2eca108103f, type: 2}
      propertyPath: m_LocalPosition.z
      value: 0
      objectReference: {fileID: 0}
    - target: {fileID: 441778, guid: f717ab535501b1b47972a2eca108103f, type: 2}
      propertyPath: m_LocalRotation.x
      value: 0
      objectReference: {fileID: 0}
    - target: {fileID: 441778, guid: f717ab535501b1b47972a2eca108103f, type: 2}
      propertyPath: m_LocalRotation.y
      value: 0
      objectReference: {fileID: 0}
    - target: {fileID: 441778, guid: f717ab535501b1b47972a2eca108103f, type: 2}
      propertyPath: m_LocalRotation.z
      value: 0
      objectReference: {fileID: 0}
    - target: {fileID: 441778, guid: f717ab535501b1b47972a2eca108103f, type: 2}
      propertyPath: m_LocalRotation.w
      value: 1
      objectReference: {fileID: 0}
    - target: {fileID: 441778, guid: f717ab535501b1b47972a2eca108103f, type: 2}
      propertyPath: m_RootOrder
      value: 1
      objectReference: {fileID: 0}
    - target: {fileID: 11400830, guid: f717ab535501b1b47972a2eca108103f, type: 2}
      propertyPath: soundManager
      value: 
      objectReference: {fileID: 688921784}
    - target: {fileID: 11475206, guid: f717ab535501b1b47972a2eca108103f, type: 2}
      propertyPath: scoreManager
      value: 
      objectReference: {fileID: 286033238}
    - target: {fileID: 11475206, guid: f717ab535501b1b47972a2eca108103f, type: 2}
      propertyPath: gameManager
      value: 
      objectReference: {fileID: 879261680}
    - target: {fileID: 11475206, guid: f717ab535501b1b47972a2eca108103f, type: 2}
      propertyPath: leaderBoard
      value: 
      objectReference: {fileID: 286033237}
    - target: {fileID: 11475206, guid: f717ab535501b1b47972a2eca108103f, type: 2}
      propertyPath: killDelay
      value: .600000024
      objectReference: {fileID: 0}
    - target: {fileID: 11475206, guid: f717ab535501b1b47972a2eca108103f, type: 2}
      propertyPath: collisionDistance
      value: 120
      objectReference: {fileID: 0}
    - target: {fileID: 6033342, guid: f717ab535501b1b47972a2eca108103f, type: 2}
      propertyPath: m_Enabled
      value: 0
      objectReference: {fileID: 0}
    - target: {fileID: 6154370, guid: f717ab535501b1b47972a2eca108103f, type: 2}
      propertyPath: m_Enabled
      value: 1
      objectReference: {fileID: 0}
    - target: {fileID: 5052552, guid: f717ab535501b1b47972a2eca108103f, type: 2}
      propertyPath: m_CollisionDetection
      value: 0
      objectReference: {fileID: 0}
    - target: {fileID: 5052552, guid: f717ab535501b1b47972a2eca108103f, type: 2}
      propertyPath: m_IsKinematic
      value: 0
      objectReference: {fileID: 0}
    - target: {fileID: 5052552, guid: f717ab535501b1b47972a2eca108103f, type: 2}
      propertyPath: m_Constraints
      value: 4
      objectReference: {fileID: 0}
    m_RemovedComponents: []
  m_ParentPrefab: {fileID: 100100000, guid: f717ab535501b1b47972a2eca108103f, type: 2}
  m_IsPrefabParent: 0
--- !u!114 &2147384674 stripped
MonoBehaviour:
  m_PrefabParentObject: {fileID: 11443932, guid: f717ab535501b1b47972a2eca108103f,
    type: 2}
  m_PrefabInternal: {fileID: 2147384673}
  m_Script: {fileID: 11500000, guid: d4b6bd106c5f19a4abf8917cc193da06, type: 3}
--- !u!1 &2147384675 stripped
GameObject:
  m_PrefabParentObject: {fileID: 155202, guid: f717ab535501b1b47972a2eca108103f, type: 2}
  m_PrefabInternal: {fileID: 2147384673}
--- !u!114 &2147384680 stripped
MonoBehaviour:
  m_PrefabParentObject: {fileID: 11418962, guid: f717ab535501b1b47972a2eca108103f,
    type: 2}
  m_PrefabInternal: {fileID: 2147384673}
  m_Script: {fileID: 11500000, guid: 122ed44e27181294584a1718f9b95b06, type: 3}
--- !u!114 &2147384684 stripped
MonoBehaviour:
  m_PrefabParentObject: {fileID: 11475206, guid: f717ab535501b1b47972a2eca108103f,
    type: 2}
  m_PrefabInternal: {fileID: 2147384673}
  m_Script: {fileID: 11500000, guid: ad12279e5c7575d4eab8023c680e6e4b, type: 3}
--- !u!58 &2147384687
CircleCollider2D:
  m_ObjectHideFlags: 0
  m_PrefabParentObject: {fileID: 0}
  m_PrefabInternal: {fileID: 0}
  m_GameObject: {fileID: 2147384675}
  m_Enabled: 0
  m_Material: {fileID: 0}
  m_IsTrigger: 0
  m_UsedByEffector: 0
  m_Offset: {x: -.5, y: -1}
  serializedVersion: 2
  m_Radius: 2.74716377
--- !u!58 &2147384688
CircleCollider2D:
  m_ObjectHideFlags: 0
  m_PrefabParentObject: {fileID: 0}
  m_PrefabInternal: {fileID: 0}
  m_GameObject: {fileID: 2147384675}
  m_Enabled: 1
  m_Material: {fileID: 0}
  m_IsTrigger: 0
  m_UsedByEffector: 0
  m_Offset: {x: 1, y: -3}
  serializedVersion: 2
  m_Radius: 1
--- !u!58 &2147384689
CircleCollider2D:
  m_ObjectHideFlags: 0
  m_PrefabParentObject: {fileID: 0}
  m_PrefabInternal: {fileID: 0}
  m_GameObject: {fileID: 2147384675}
  m_Enabled: 1
  m_Material: {fileID: 0}
  m_IsTrigger: 0
  m_UsedByEffector: 0
  m_Offset: {x: -2, y: -3}
  serializedVersion: 2
  m_Radius: 1
